<collection xmlns="http://www.loc.gov/MARC21/slim">
<record>
  <leader>01821nam0a22003731i 450 </leader>
  <controlfield tag="001">IT\ICCU\CNCE\069123</controlfield>
  <controlfield tag="005">20080519000000.0</controlfield>
  <datafield tag="012" ind1=" " ind2=" ">
    <subfield code="a">anlo dior tee&amp; moCO (C) 1506 (R)</subfield>
    <subfield code="2">fei</subfield>
  </datafield>
  <datafield tag="100" ind1=" " ind2=" ">
    <subfield code="a">20061218d1506        0itac0103    ba</subfield>
  </datafield>
  <datafield tag="101" ind1=" " ind2=" ">
    <subfield code="a">ITA</subfield>
  </datafield>
  <datafield tag="102" ind1=" " ind2=" ">
    <subfield code="a">IT</subfield>
  </datafield>
  <datafield tag="200" ind1="1" ind2=" ">
    <subfield code="a">Proemio di Bartholomeo Phontio a Francesco Baroncini nella traductione delle Epistole di Phalari</subfield>
  </datafield>
  <datafield tag="210" ind1=" " ind2=" ">
    <subfield code="e">Impresso in Firenze</subfield>
    <subfield code="g">ad petitione di ser Piero Pacini da Pescia</subfield>
    <subfield code="h">adi II d&apos;aprile 1506</subfield>
  </datafield>
  <datafield tag="215" ind1=" " ind2=" ">
    <subfield code="a">\40! c.</subfield>
    <subfield code="d">4ʻ</subfield>
  </datafield>
  <datafield tag="300" ind1=" " ind2=" ">
    <subfield code="a">Tit. dell&apos;intitolazione. Opera falsamente attribuita a Falaride</subfield>
  </datafield>
  <datafield tag="500" ind1="1" ind2="1">
    <subfield code="3">IT\ICCU\CNCE\055219</subfield>
    <subfield code="a">Phalaridis Epistolae</subfield>
  </datafield>
  <datafield tag="620" ind1=" " ind2=" ">
    <subfield code="a">IT</subfield>
    <subfield code="d">Firenze</subfield>
  </datafield>
  <datafield tag="702" ind1=" " ind2="0">
    <subfield code="a">Phalaris</subfield>
    <subfield code="3">IT\ICCU\CNCA\007770</subfield>
  </datafield>
  <datafield tag="702" ind1=" " ind2="1">
    <subfield code="a">Della_Fonte,</subfield>
    <subfield code="b">Bartolomeo</subfield>
    <subfield code="3">IT\ICCU\CNCA\017009</subfield>
  </datafield>
  <datafield tag="712" ind1="0" ind2="0">
    <subfield code="a">Pacini, Piero</subfield>
    <subfield code="3">IT\ICCU\CNCT\000208</subfield>
    <subfield code="4">650</subfield>
  </datafield>
  <datafield tag="790" ind1=" " ind2="0">
    <subfield code="a">Falaride</subfield>
    <subfield code="3">IT\ICCU\CNCA\022790</subfield>
    <subfield code="z">Phalaris</subfield>
  </datafield>
  <datafield tag="790" ind1=" " ind2="1">
    <subfield code="a">Fonzio,</subfield>
    <subfield code="b">Bartolomeo</subfield>
    <subfield code="c"> &lt;1445-1513&gt;</subfield>
    <subfield code="3">IT\ICCU\CNCA\017010</subfield>
    <subfield code="z">Della_Fonte, Bartolomeo</subfield>
  </datafield>
  <datafield tag="790" ind1=" " ind2="1">
    <subfield code="a">Foncius,</subfield>
    <subfield code="b">Bartolomeus</subfield>
    <subfield code="3">IT\ICCU\CNCA\017011</subfield>
    <subfield code="z">Della_Fonte, Bartolomeo</subfield>
  </datafield>
  <datafield tag="790" ind1=" " ind2="1">
    <subfield code="a">Fonte,</subfield>
    <subfield code="b">Bartolomeo : della</subfield>
    <subfield code="3">IT\ICCU\CNCA\018877</subfield>
    <subfield code="z">Della_Fonte, Bartolomeo</subfield>
  </datafield>
  <datafield tag="790" ind1=" " ind2="1">
    <subfield code="a">Dello_Fonte,</subfield>
    <subfield code="b">Bartolomeo</subfield>
    <subfield code="3">IT\ICCU\CNCA\018886</subfield>
    <subfield code="z">Della_Fonte, Bartolomeo</subfield>
  </datafield>
  <datafield tag="790" ind1=" " ind2="1">
    <subfield code="a">Fontius,</subfield>
    <subfield code="b">Bartholomaeus</subfield>
    <subfield code="c"> &lt;fiorentino&gt;</subfield>
    <subfield code="3">IT\ICCU\CNCA\026227</subfield>
    <subfield code="z">Della_Fonte, Bartolomeo</subfield>
  </datafield>
  <datafield tag="791" ind1="0" ind2="2">
    <subfield code="a">Pietro da Pescia</subfield>
    <subfield code="3">IT\ICCU\CNCT\003082</subfield>
    <subfield code="z">Pacini, Piero</subfield>
  </datafield>
  <datafield tag="791" ind1="0" ind2="0">
    <subfield code="a">Paccinus, Petrus</subfield>
    <subfield code="3">IT\ICCU\CNCT\004015</subfield>
    <subfield code="z">Pacini, Piero</subfield>
  </datafield>
  <datafield tag="791" ind1="0" ind2="0">
    <subfield code="a">Pacinis, Petrus de</subfield>
    <subfield code="3">IT\ICCU\CNCT\005171</subfield>
    <subfield code="z">Pacini, Piero</subfield>
  </datafield>
  <datafield tag="791" ind1="0" ind2="0">
    <subfield code="a">Pacinus, Petrus</subfield>
    <subfield code="3">IT\ICCU\CNCT\005172</subfield>
    <subfield code="z">Pacini, Piero</subfield>
  </datafield>
  <datafield tag="801" ind1=" " ind2="3">
    <subfield code="a">IT</subfield>
    <subfield code="b">ICCU</subfield>
    <subfield code="c">20201115</subfield>
  </datafield>
  <datafield tag="899" ind1=" " ind2=" ">
    <subfield code="a">Biblioteca Apostolica Vaticana. Citt ̉del Vaticano</subfield>
    <subfield code="1">EX0001</subfield>
    <subfield code="2">ZCV 01</subfield>
  </datafield>
  <datafield tag="899" ind1=" " ind2=" ">
    <subfield code="a">Biblioteca Palatina. Parma</subfield>
    <subfield code="1">PR0072</subfield>
    <subfield code="2">PAR PA</subfield>
  </datafield>
  <datafield tag="899" ind1=" " ind2=" ">
    <subfield code="a">British Library. London</subfield>
    <subfield code="1">UK0001</subfield>
  </datafield>
</record>
</collection>
